@misc{WHGwebsite,
    author    = {Snubby Land},
    title     = {{The World's Hardest Game website}},
    year      = {2008},
    howpublished        = "\url{http://www.theworlds-hardestgame.com/}"
}


@misc{WHGjavacgit,
    author    = {Dan Convey},
    title     = {{World's Hardest Game {WIP}}},
    year      = {2016},
    howpublished        = "\url{https://github.com/danspage/worldshardestgame.git}"
}

@book{RLSuttonBook,
    author    = {Richard S. Sutton, Andrew G. Barto},
    title     = {{Reinforcement Learning:An Introduction,Second edition}},
    year      = {2015},
    howpublished        = "\url{https://github.com/danspage/worldshardestgame.git}"
}

@article{MarkovProperty,
    author    = {RM Blumenthal},
    title     = {{An extended markov property. Transactions of the American Mathematical Society}},
    pages     = {52–72},
    volume   = {85(1)},
    year      = {1957},
}
@book{AIbook,
    author    = {{Stuart Jonathan Russell, Peter Norvig, John F Canny, Jitendra M Malik, and Douglas D Edwards}},
    title     = {{Artificial intelligence: a modern approach}},
    volume   = {2},
    publisher= {Prentice hall Upper Saddle River},
    year      = {2003},
}

@misc{ghostawt,
    author = {Danielku15},
    title = {GhostAWT},
    howpublished="\url{https://github.com/Danielku15/GhostAWT}",
    year = {2006}
}

@misc{headlessjavase,
    author = {{Artem Ananiev and Alla Redko}},
    title = {{Using Headless Mode in the Java SE Platform}},
    howpublished="\url{https://www.oracle.com/technical-resources/articles/javase/headless.html}",
    year = {2006}
}

@article{DBLP:journals/corr/MnihKSGAWR13,
  author    = {Volodymyr Mnih and
               Koray Kavukcuoglu and
               David Silver and
               Alex Graves and
               Ioannis Antonoglou and
               Daan Wierstra and
               Martin A. Riedmiller},
  title     = {Playing Atari with Deep Reinforcement Learning},
  journal   = {CoRR},
  volume    = {abs/1312.5602},
  year      = {2013},
  url       = {http://arxiv.org/abs/1312.5602},
  archivePrefix = {arXiv},
  eprint    = {1312.5602},
  timestamp = {Mon, 13 Aug 2018 16:47:42 +0200},
  biburl    = {https://dblp.org/rec/journals/corr/MnihKSGAWR13.bib},
  bibsource = {dblp computer science bibliography, https://dblp.org}
}

@article{Human-level-control,
  author    = {{Mnih, V., Kavukcuoglu, K., Silver, D. et al.}},
  title     = {Human-level control through deep reinforcement learning},
  journal   = {Nature},
  volume    = {518, 529–533 (2015)},
  year      = {2013},
  biburl    = {https://doi.org/10.1038/nature14236}
}


@misc{WHG_yasyf,
    author= {Yasyf Mohamedali},
    title = {Learning The World's Hardest Game},
    howpublished = "\url{https://github.com/yasyf/hardest-game}",
    year = {2016}
}

@article{DBLP:journals/corr/abs-1904-12901,
  author    = {Gabriel Dulac{-}Arnold and
               Daniel J. Mankowitz and
               Todd Hester},
  title     = {Challenges of Real-World Reinforcement Learning},
  journal   = {CoRR},
  volume    = {abs/1904.12901},
  year      = {2019},
  url       = {http://arxiv.org/abs/1904.12901},
  archivePrefix = {arXiv},
  eprint    = {1904.12901},
  timestamp = {Tue, 25 Jun 2019 11:11:15 +0200},
  biburl    = {https://dblp.org/rec/journals/corr/abs-1904-12901.bib},
  bibsource = {dblp computer science bibliography, https://dblp.org}
}

@article{44806,
title	= {Mastering the game of Go with deep neural networks and tree search},
author	= {David Silver and Aja Huang and Christopher J. Maddison and Arthur Guez and Laurent Sifre and George van den Driessche and Julian Schrittwieser and Ioannis Antonoglou and Veda Panneershelvam and Marc Lanctot and Sander Dieleman and Dominik Grewe and John Nham and Nal Kalchbrenner and Ilya Sutskever and Timothy Lillicrap and Madeleine Leach and Koray Kavukcuoglu and Thore Graepel and Demis Hassabis},
year	= {2016},
URL	= {http://www.nature.com/nature/journal/v529/n7587/full/nature16961.html},
journal	= {Nature},
pages	= {484--503},
volume	= {29}
}

@misc{openai2019dota,
    title={Dota 2 with Large Scale Deep Reinforcement Learning},
    author={OpenAI and : and Christopher Berner and Greg Brockman and Brooke Chan and Vicki Cheung and Przemysław Dębiak and Christy Dennison and David Farhi and Quirin Fischer and Shariq Hashme and Chris Hesse and Rafal Józefowicz and Scott Gray and Catherine Olsson and Jakub Pachocki and Michael Petrov and Henrique Pondé de Oliveira Pinto and Jonathan Raiman and Tim Salimans and Jeremy Schlatter and Jonas Schneider and Szymon Sidor and Ilya Sutskever and Jie Tang and Filip Wolski and Susan Zhang},
    year={2019},
    eprint={1912.06680},
    archivePrefix={arXiv},
    primaryClass={cs.LG}
}

@misc{WHG_codebullet,
    author= {Code Bullet},
    title = {WorldsHardestGameAI},
    howpublished = "\url{https://github.com/Code-Bullet/WorldsHardestGameAI}",
    year = {2018}
}

@article{DBLP:journals/corr/abs-1803-02811,
  author    = {Adam Stooke and
               Pieter Abbeel},
  title     = {Accelerated Methods for Deep Reinforcement Learning},
  journal   = {CoRR},
  volume    = {abs/1803.02811},
  year      = {2018},
  url       = {http://arxiv.org/abs/1803.02811},
  archivePrefix = {arXiv},
  eprint    = {1803.02811},
  timestamp = {Mon, 13 Aug 2018 16:48:51 +0200},
  biburl    = {https://dblp.org/rec/journals/corr/abs-1803-02811.bib},
  bibsource = {dblp computer science bibliography, https://dblp.org}
}
 
@INPROCEEDINGS{5232440,
  author={M. {Xue} and C. {Zhu}},
  booktitle={2009 Pacific-Asia Conference on Circuits, Communications and Systems}, 
  title={The Socket Programming and Software Design for Communication Based on Client/Server}, 
  year={2009},
  volume={},
  number={},
  pages={775-777},}

@book{stark2012java,
  title={Java and the Java virtual machine: definition, verification, validation},
  author={St{\"a}rk, Robert F and Schmid, Joachim and B{\"o}rger, Egon},
  year={2012},
  publisher={Springer Science \& Business Media}
}

